
@misc{Foundry-Article,
	author = "The Foundry",
	title = "Leveling up by light: a look at lighting in video games",
	howpublished ="\url{https://www.foundry.com/insights/film-tv/lighting-video-games-8-bit-bulb}",
}

@inproceedings{Oudshoorn:Ray-Tracing,
	author = "Juri A. Oudshoor",
	title = "Ray Tracing As The Future Of Computer Games",
	booktitle = "Department of Computer Science, University of Utrecht",
	month = nov,
	year = "1999",
	address = "Utrecht, Netherlands",
}

@misc{Pluralsight,
	author = "Pluralsight",
	title = "Light Up Your World: How Lighting Makes All the Difference for Games",
	howpublished = "\url{https://www.pluralsight.com/blog/film-games/understanding-the-importance-of-lighting-for-games}",
}

@article{El-Nasr,
    author = "Magy El-Nasr and Ian Horswill",
    title = "Intelligent Lighting for Game Environments",
    journal = "Journal of Game Development",
    volume = 1,
    issue = 2,
    month = jan,
    year = "2005",
    pages = "17",
}

@article{Dynamic-Lighting,
    author = "Magy Seif El-Nasr and Simon Niedenthal and Igor Knez and Priya Almeida and Joseph Zupko",
    title = "Dynamic Lighting for Tension in Games",
    journal = "the international journal of computer game research",
    volume = 7,
    issue = 1,
    month = aug,
    year = "2007",
}

@article{Fast-Lighting,
    author = "A. Iones and A. Krupkin and M. Sbert and S. Zhukov",
    title = "Fast realistic lighting for video games",
    journal = "IEEE Computer Graphics and Applications",
    volume = 23,
    issue = 3,
    month = may # "/" # jun,
    year = "2003",
    pages = "54--64"
}

@misc{Unity,
	author = "Unity Technologies",
	title = "Lightmapping",
	howpublished ="\url{https://docs.unity3d.com/Manual/Lightmappers.html}",
}

@misc{Prall,
	author = "Chandler Prall",
	title = "Introduction to Lighting in Games",
	howpublished = "\url{http://buildnewgames.com/lighting/}",
}
